24300000         219552835589598lcoctuqsvzhggxdcatkb70289999606659240146umdphzqnjmwfdxblvtctvrctkrrhqrbwisghxsnailqdfkmrxvqharvdkjfq          11902202008524049846710306250RESERVADO BANCO     RESERVADO EMPRESA                                
24300011C1099046 219552835589598lcoctuqsvzhggxdcatkb70289999606659240146umdphzqnjmwfdxblvtctvrctkrrhqrMENSAGEM                                LOGRADOURO                    20440COMPLEMENTO    CIDADE              95910kvauv02      YBAOYFHHHA
2430001300001A92598859725001250924047243906NOME FAVORECIDO               6125480633480134192525022020TRD0000008950193160000000003516644047244053103552287526022020000000000351664INFORMACAO                              16pzgluhi   6HGANTABFIM
2430001300002B   219552835589598LOGRADOURO                    04323COMPLEMENTO    BAIRRO         CIDADE              89437021PR24032020000000000970432000000000242330000000000446389000000000000999000000000000341580234102912844000000080495322
2430001300003C   0000000001455650000000000485220000000000970430000000000000000000000000000001167972589223199691300000000017467858460302107158017415                                                                                             
24300015         000005000000000000351664000000000895019316763822                                                                                                                                                                     H7IAAEHJBH
24300021C7099046 219552835589598lcoctuqsvzhggxdcatkb70289999606659240146umdphzqnjmwfdxblvtctvrctkrrhqrMENSAGEM                                LOGRADOURO                    29636COMPLEMENTO    CIDADE              06560kudcr02      ALIJATARIE
2430002300001A52398846386315819516478586267NOME FAVORECIDO               1516231863790679388911022020PTE0000000845237010000000000344424343269678224691722212022020000000000034442INFORMACAO                              07rlbbonu   5HWH8ZHHDIC
2430002300002B   219552835589598LOGRADOURO                    19986COMPLEMENTO    BAIRRO         CIDADE              04112455PI09042020000000000636176000000000166983000000000363893000000000000977000000000000874078326111112765700000028527152
2430002300003C   0000000000954260000000000318090000000000636180000000000000000000000000000006508883996740550830000000000011451201881933271826775223                                                                                             
2430002300004A71001819097353414157278407258NOME FAVORECIDO               1388450628868006064601032020TRD0000005279769640000000001044059354974051959408352202032020000000000104405INFORMACAO                              11ajsvvzb   7ILATCIIMHU
2430002300005B   219552835589598LOGRADOURO                    80067COMPLEMENTO    BAIRRO         CIDADE              44817147PR29032020000000000571458000000000196662000000000064978000000000000510000000000000265590850732794725000000086778796
2430002300006C   0000000000857190000000000285730000000000571460000000000000000000000000000005303424995090106706300000000010286276640576474703210499                                                                                             
24300025         000008000000000000138847000000000612500665295126                                                                                                                                                                     00HWHRAGAC
24300031C7799046 219552835589598lcoctuqsvzhggxdcatkb70289999606659240146umdphzqnjmwfdxblvtctvrctkrrhqrMENSAGEM                                LOGRADOURO                    15997COMPLEMENTO    CIDADE              63858oedhx02      ZFYDHZBJAM
2430003300001A50098804245003766442430044340NOME FAVORECIDO               9736747655192392472423022020DEM0000004706891740000000000562527422015364361439900924022020000000000056252INFORMACAO                              07ihacubs   0ZHHWAYBCBG
2430003300002B   219552835589598LOGRADOURO                    92155COMPLEMENTO    BAIRRO         CIDADE              39727020AC24032020000000000301550000000000149459000000000057757000000000000614000000000000561731212182671494000000084479604
2430003300003C   0000000000452330000000000150780000000000301550000000000000000000000000000009870284256561843105600000000005427908815340986136225063                                                                                             
24300035         000005000000000000056252000000000470689174155748                                                                                                                                                                     ZCZHZKAPHL
24399999         000003000020000000                                                                                                                                                                                                             
