24300000         937271341199754hyjjfeotavtdrjgjuwpk50971964821684313433hptkaasbwvecedwhzqggmdwuqehgcbziofdzhotcfpobbclsoaftfbwdsyuw          10303202011594788599810301600RESERVADO BANCO     RESERVADO EMPRESA                                
24300011C3499046 937271341199754hyjjfeotavtdrjgjuwpk50971964821684313433hptkaasbwvecedwhzqggmdwuqehgcbMENSAGEM                                LOGRADOURO                    81085COMPLEMENTO    CIDADE              87575sbwgc02      BPZKBKBMIE
2430001300001A91198867215476078009582211799NOME FAVORECIDO               5706956607328650280012022020JPY0000000180339990000000000079673441572968644870318213022020000000000007967INFORMACAO                              13ssfqexh   6YDYAAWICHV
2430001300002B   937271341199754LOGRADOURO                    25151COMPLEMENTO    BAIRRO         CIDADE              25350015MT14032020000000000950878000000000652544000000000284725000000000000543000000000000743767243892794686000000097056317
2430001300003C   0000000001426320000000000475440000000000950880000000000000000000000000000001465172960968917461800000000017115806577999990350097374                                                                                             
24300015         000005000000000000007967000000000018033999507699                                                                                                                                                                     CDADHXBFAS
24300021C0399046 937271341199754hyjjfeotavtdrjgjuwpk50971964821684313433hptkaasbwvecedwhzqggmdwuqehgcbMENSAGEM                                LOGRADOURO                    22659COMPLEMENTO    CIDADE              97272zsyob03      IRAM01AHZF
2430002300001A71001888875926701234085462006NOME FAVORECIDO               3951520040670197802908032020JPY0000008188080950000000003538654015519071489774706209032020000000000353865INFORMACAO                              13syspstg   6ASIFZGAKAR
2430002300002B   937271341199754LOGRADOURO                    74055COMPLEMENTO    BAIRRO         CIDADE              30699617AP19032020000000000853442000000000171302000000000620907000000000000712000000000000599661497372644779200000031431170
2430002300003C   0000000001280160000000000426720000000000853440000000000000000000000000000000496999825402567923300000000015362052491940434591448773                                                                                             
2430002300004A52301823808473883580959484809NOME FAVORECIDO               1101925079916296579502032020GBP0000006459135390000000004211854918971313797381376503032020000000000421185INFORMACAO                              17vgibuir   7HKBFHQCNCJ
2430002300005B   937271341199754LOGRADOURO                    79070COMPLEMENTO    BAIRRO         CIDADE              98603408ES08042020000000000863372000000000138025000000000664615000000000000857000000000000084866871444501436700000006677179
2430002300006C   0000000001295060000000000431690000000000863370000000000000000000000000000008080703373603299532400000000015540723556184213687972473                                                                                             
24300025         000008000000000000775050000000001464721634174075                                                                                                                                                                     CPIGH8H9AY
24300031C3399046 937271341199754hyjjfeotavtdrjgjuwpk50971964821684313433hptkaasbwvecedwhzqggmdwuqehgcbMENSAGEM                                LOGRADOURO                    92654COMPLEMENTO    CIDADE              33629dpbze02      BFAZH7ALHW
2430003300001A91170084816074997614290012680NOME FAVORECIDO               7385500709060429116613022020FRF0000005235402340000000002465578970570903177524816714022020000000000246557INFORMACAO                              01tentczd   7AKZGCOIRCG
2430003300002B   937271341199754LOGRADOURO                    65201COMPLEMENTO    BAIRRO         CIDADE              39156352PI06042020000000000167737000000000146721000000000018752000000000000609000000000000823407234789946838600000028037815
2430003300003C   0000000000251610000000000083870000000000167740000000000000000000000000000002283282080967967601600000000003019326688190820582015361                                                                                             
2430003300004A71198883192127765255051811504NOME FAVORECIDO               7495223088884616965207032020CHF0000009943318620000000004935796485251289453504466308032020000000000493579INFORMACAO                              13qpyyego   0IHHICFCNCG
2430003300005B   937271341199754LOGRADOURO                    97487COMPLEMENTO    BAIRRO         CIDADE              37504163GO29032020000000000071837000000000056867000000000003283000000000000649000000000000604799851362040096200000006936151
2430003300006C   0000000000107760000000000035920000000000071840000000000000000000000000000007389999378697526003000000000001293101536291329638122362                                                                                             
2430003300007A00901822655323575068526980490NOME FAVORECIDO               5940464109730974808307032020UPF0000007539504050000000003341564700321822051387164108032020000000000334156INFORMACAO                              17mliynzz   5HKAUH7BBZF
2430003300008B   937271341199754LOGRADOURO                    66547COMPLEMENTO    BAIRRO         CIDADE              88908812PB16032020000000000155325000000000032535000000000026482000000000000411000000000000629592708212703317000000017862946
2430003300009C   0000000000232990000000000077660000000000155330000000000000000000000000000004724843936364739677200000000002795974818994373646336728                                                                                             
24300035         000011000000000001074292000000002271822501310770                                                                                                                                                                     IBCHCHIRZK
24300041C6099046 937271341199754hyjjfeotavtdrjgjuwpk50971964821684313433hptkaasbwvecedwhzqggmdwuqehgcbMENSAGEM                                LOGRADOURO                    11998COMPLEMENTO    CIDADE              06848pngsf03      CMAACBIMCI
2430004300001A94070041372505875273451435554NOME FAVORECIDO               0899341122257785980625022020PTE0000009163191290000000000631920686953187292560662926022020000000000063192INFORMACAO                              08vrsiwlr   5TAZBINZAYB
2430004300002B   937271341199754LOGRADOURO                    87651COMPLEMENTO    BAIRRO         CIDADE              69160592MA17032020000000000064170000000000003953000000000054545000000000000966000000000000924629130176974036700000031460216
2430004300003C   0000000000096260000000000032090000000000064170000000000000000000000000000002450438089268410515700000000001155120886269438402995023                                                                                             
24300045         000005000000000000063192000000000916319129175010                                                                                                                                                                     AGYFZIBOAJ
24399999         000004000031000000                                                                                                                                                                                                             
