24300000         0              vgngovqvcumfyivnmfye12614456566116900644cospguxqikkqtaxopjvdiagmejcgjslvuncpobxqnwhegajculmsvhcciflx          10203202015173595829310306250RESERVADO BANCO     RESERVADO EMPRESA                                
24300011C5099046 0              vgngovqvcumfyivnmfye12614456566116900644cospguxqikkqtaxopjvdiagmejcgjsMENSAGEM                                LOGRADOURO                    42647COMPLEMENTO    CIDADE              02199mxgsz02      CKZJBIBQHT
2430001300001A94098857261114492666329297133NOME FAVORECIDO               2537906943780859880419022020IGP000000352218336000000031041576033016139083148983200220200000000310415INFORMACAO                              17ujklhdx   0ZBABIOBDCJ
2430001300002B   0              LOGRADOURO                    03925COMPLEMENTO    BAIRRO         CIDADE              31166941MS29032020000000000597828000000000364196000000000075334000000000000595000000000000046092690925230843700000045341717
2430001300003C   0000000000896740000000000298910000000000597830000000000000000000000000000004916253721401335495400000000010760938660710919285198299                                                                                             
24300015         000005000000000000310415000000000352218336958603                                                                                                                                                                     IAAGAXIR02
24399999         999999999999000000                                                                                                                                                                                                             
