24300000         163415825051251????????????????????73591056055150489884????????????????????????????????????????????????????????????          10802202012045294814910306250RESERVADO BANCO     RESERVADO EMPRESA                                
24399991C9999046 999999999999999XXXXXXXXXXXXXXXXXXXX99999X999999999999XXXXXXXXXXXXXXXXXXXXXXXXXXXXXXXXXXXXXXXXXXXXXXXXXXXXXXXXXXXXXXXXXXXXXXXXXXXXXXXXXXXXXXXXXXXXXXXXXXXXXX99999XXXXXXXXXXXXXXXXXXXXXXXXXXXXXXXXXXX99999XXXXX99      XXXXXXXXXX
2439999399999A99999999999999X999999999999XXXXXXXXXXXXXXXXXXXXXXXXXXXXXXXXXXXXXXXXXXXXXXXXXXXX99999999XXX999999999999999999999999999999XXXXXXXXXXXXXXXXXXXX99999999999999999999999XXXXXXXXXXXXXXXXXXXXXXXXXXXXXXXXXXXXXXXXXXXXXXXXX   9XXXXXXXXXX
2439999399999B   999999999999999XXXXXXXXXXXXXXXXXXXXXXXXXXXXXX99999XXXXXXXXXXXXXXXXXXXXXXXXXXXXXXXXXXXXXXXXXXXXXXXXXX99999XXXXX99999999999999999999999999999999999999999999999999999999999999999999999999999999999XXXXXXXXXXXXXXX999999999999999
2439999399999C   99999999999999999999999999999999999999999999999999999999999999999999999999999999X999999999999XX99999999999999999999999999999999999                                                                                             
24399995         999999999999999999999999999999999999999999999999                                                                                                                                                                     XXXXXXXXXX
24399991C9999046 999999999999999XXXXXXXXXXXXXXXXXXXX99999X999999999999XXXXXXXXXXXXXXXXXXXXXXXXXXXXXXXXXXXXXXXXXXXXXXXXXXXXXXXXXXXXXXXXXXXXXXXXXXXXXXXXXXXXXXXXXXXXXXXXXXXXXX99999XXXXXXXXXXXXXXXXXXXXXXXXXXXXXXXXXXX99999XXXXX99      XXXXXXXXXX
2439999399999A99999999999999X999999999999XXXXXXXXXXXXXXXXXXXXXXXXXXXXXXXXXXXXXXXXXXXXXXXXXXXX99999999XXX999999999999999999999999999999XXXXXXXXXXXXXXXXXXXX99999999999999999999999XXXXXXXXXXXXXXXXXXXXXXXXXXXXXXXXXXXXXXXXXXXXXXXXX   9XXXXXXXXXX
2439999399999B   999999999999999XXXXXXXXXXXXXXXXXXXXXXXXXXXXXX99999XXXXXXXXXXXXXXXXXXXXXXXXXXXXXXXXXXXXXXXXXXXXXXXXXX99999XXXXX99999999999999999999999999999999999999999999999999999999999999999999999999999999999XXXXXXXXXXXXXXX999999999999999
2439999399999C   99999999999999999999999999999999999999999999999999999999999999999999999999999999X999999999999XX99999999999999999999999999999999999                                                                                             
24399995         999999999999999999999999999999999999999999999999                                                                                                                                                                     XXXXXXXXXX
24399991C9999046 999999999999999XXXXXXXXXXXXXXXXXXXX99999X999999999999XXXXXXXXXXXXXXXXXXXXXXXXXXXXXXXXXXXXXXXXXXXXXXXXXXXXXXXXXXXXXXXXXXXXXXXXXXXXXXXXXXXXXXXXXXXXXXXXXXXXXX99999XXXXXXXXXXXXXXXXXXXXXXXXXXXXXXXXXXX99999XXXXX99      XXXXXXXXXX
2439999399999A99999999999999X999999999999XXXXXXXXXXXXXXXXXXXXXXXXXXXXXXXXXXXXXXXXXXXXXXXXXXXX99999999XXX999999999999999999999999999999XXXXXXXXXXXXXXXXXXXX99999999999999999999999XXXXXXXXXXXXXXXXXXXXXXXXXXXXXXXXXXXXXXXXXXXXXXXXX   9XXXXXXXXXX
2439999399999B   999999999999999XXXXXXXXXXXXXXXXXXXXXXXXXXXXXX99999XXXXXXXXXXXXXXXXXXXXXXXXXXXXXXXXXXXXXXXXXXXXXXXXXX99999XXXXX99999999999999999999999999999999999999999999999999999999999999999999999999999999999XXXXXXXXXXXXXXX999999999999999
2439999399999C   99999999999999999999999999999999999999999999999999999999999999999999999999999999X999999999999XX99999999999999999999999999999999999                                                                                             
24399995         999999999999999999999999999999999999999999999999                                                                                                                                                                     XXXXXXXXXX
24399991C9999046 999999999999999XXXXXXXXXXXXXXXXXXXX99999X999999999999XXXXXXXXXXXXXXXXXXXXXXXXXXXXXXXXXXXXXXXXXXXXXXXXXXXXXXXXXXXXXXXXXXXXXXXXXXXXXXXXXXXXXXXXXXXXXXXXXXXXXX99999XXXXXXXXXXXXXXXXXXXXXXXXXXXXXXXXXXX99999XXXXX99      XXXXXXXXXX
2439999399999A99999999999999X999999999999XXXXXXXXXXXXXXXXXXXXXXXXXXXXXXXXXXXXXXXXXXXXXXXXXXXX99999999XXX999999999999999999999999999999XXXXXXXXXXXXXXXXXXXX99999999999999999999999XXXXXXXXXXXXXXXXXXXXXXXXXXXXXXXXXXXXXXXXXXXXXXXXX   9XXXXXXXXXX
2439999399999B   999999999999999XXXXXXXXXXXXXXXXXXXXXXXXXXXXXX99999XXXXXXXXXXXXXXXXXXXXXXXXXXXXXXXXXXXXXXXXXXXXXXXXXX99999XXXXX99999999999999999999999999999999999999999999999999999999999999999999999999999999999XXXXXXXXXXXXXXX999999999999999
2439999399999C   99999999999999999999999999999999999999999999999999999999999999999999999999999999X999999999999XX99999999999999999999999999999999999                                                                                             
2439999399999A99999999999999X999999999999XXXXXXXXXXXXXXXXXXXXXXXXXXXXXXXXXXXXXXXXXXXXXXXXXXXX99999999XXX999999999999999999999999999999XXXXXXXXXXXXXXXXXXXX99999999999999999999999XXXXXXXXXXXXXXXXXXXXXXXXXXXXXXXXXXXXXXXXXXXXXXXXX   9XXXXXXXXXX
2439999399999B   999999999999999XXXXXXXXXXXXXXXXXXXXXXXXXXXXXX99999XXXXXXXXXXXXXXXXXXXXXXXXXXXXXXXXXXXXXXXXXXXXXXXXXX99999XXXXX99999999999999999999999999999999999999999999999999999999999999999999999999999999999XXXXXXXXXXXXXXX999999999999999
2439999399999C   99999999999999999999999999999999999999999999999999999999999999999999999999999999X999999999999XX99999999999999999999999999999999999                                                                                             
24399995         999999999999999999999999999999999999999999999999                                                                                                                                                                     XXXXXXXXXX
24399999         999999999999000000                                                                                                                                                                                                             
